@misc{genetskiAlgoritamAlicicMatf,
title = {Genetski Algoritam},
author = {Denis Aličić},
year = {2020},
howpublished={Dostupno na \url{http://poincare.matf.bg.ac.rs/~denis_alicic/ri/6.html}}
}

@misc{optimalPopulationSize,
title = {Optimal Population Size and the Genetic Algorithm},
author = {Stanley Gotshall and  Bart Rylander},
howpublished={Dostupno na \url{https://citeseerx.ist.psu.edu/viewdoc/download?doi=10.1.1.105.2431&rep=rep1&type=pdf}}
}

@misc{manyGenerations,
title = {Large Population or Many Generations for Genetic Algorithms?},
author = {Dana Vrajitoru},
howpublished={Dostupno na \url{https://www.cs.iusb.edu/~danav/papers/LargePop.pdf}}
}

@book{numOfGener, 
place={Vancouver, BC, Canada}, 
title={Minimum Number of Generations Required for Convergence of Genetic Algorithms}, 
publisher={IEEE}, 
author={M.S. Gibbs and H.R. Maier and G.C. Dandy and J.B. Nixon}, 
year={2006}
}